@article{dimasi2016innovation,
  title={Innovation in the pharmaceutical industry: new estimates of R\&D costs},
  author={DiMasi, Joseph A and Grabowski, Henry G and Hansen, Ronald W},
  journal={Journal of Health Economics},
  volume={47},
  pages={20--33},
  year={2016},
  publisher={Elsevier}
}

@article{gilmer2017neural,
  title={Neural message passing for quantum chemistry},
  author={Gilmer, Justin and Schoenholz, Samuel S and Riley, Patrick F and Vinyals, Oriol and Dahl, George E},
  journal={International Conference on Machine Learning},
  pages={1263--1272},
  year={2017},
  organization={PMLR}
}

@article{yang2019analyzing,
  title={Analyzing learned molecular representations for property prediction},
  author={Yang, Kevin and Swanson, Kyle and Jin, Wengong and Coley, Connor and Eiden, Philipp and Gao, Hua and Guzman-Perez, Angel and Hopper, Timothy and Kelley, Brian and Mathea, Miriam and others},
  journal={Journal of Chemical Information and Modeling},
  volume={59},
  number={8},
  pages={3370--3388},
  year={2019},
  publisher={ACS Publications}
}

@article{chen2020transformercpi,
  title={TransformerCPI: improving compound-protein interaction prediction by sequence-based deep learning with self-attention mechanism and label reversal experiments},
  author={Chen, Lifan and Tan, Xiaolong and Wang, Dingyan and Zhong, Feisheng and Liu, Xiaohong and Yang, Tianbiao and Luo, Xiaomin and Chen, Kaixian and Jiang, Hualiang and Zheng, Mingyue},
  journal={Bioinformatics},
  volume={36},
  number={16},
  pages={4406--4414},
  year={2020},
  publisher={Oxford University Press}
}

@article{ozturk2018deepdta,
  title={DeepDTA: deep drug-target binding affinity prediction},
  author={{{\"O}}zt{\"u}rk, Hakime and {{\"O}}zg{\"u}r, Arzucan and Ozkirimli, Elif},
  journal={Bioinformatics},
  volume={34},
  number={17},
  pages={i821--i829},
  year={2018},
  publisher={Oxford University Press}
}

@article{wu2018moleculenet,
  title={MoleculeNet: a benchmark for molecular machine learning},
  author={Wu, Zhenqin and Ramsundar, Bharath and Feinberg, Edward N and Gomes, Joseph and Geniesse, Caleb and Pappu, Aneesh and Leswing, Karl and Pande, Vijay},
  journal={Chemical Science},
  volume={9},
  number={2},
  pages={513--530},
  year={2018},
  publisher={Royal Society of Chemistry}
}

@article{xiong2020pushing,
  title={Pushing the boundaries of molecular representation for drug discovery with the graph attention mechanism},
  author={Xiong, Zhaoping and Wang, Dingyan and Liu, Xiaohong and Zhong, Feisheng and Wan, Xiaozhe and Li, Xutong and Li, Zhaojun and Luo, Xiaomin and Chen, Kaixian and Jiang, Hualiang and others},
  journal={Journal of Medicinal Chemistry},
  volume={63},
  number={16},
  pages={8749--8760},
  year={2020},
  publisher={ACS Publications}
}

@article{mobley2017predicting,
  title={Predicting binding free energies: frontiers and benchmarks},
  author={Mobley, David L and Gilson, Michael K},
  journal={Annual Review of Biophysics},
  volume={46},
  pages={531--558},
  year={2017},
  publisher={Annual Reviews}
}

@article{huang2010advances,
  title={Scoring functions and their evaluation methods for protein-ligand docking: recent advances and future directions},
  author={Huang, Sheng-You and Grinter, Samuel Z and Zou, Xiaoqin},
  journal={Physical Chemistry Chemical Physics},
  volume={12},
  number={40},
  pages={12899--12908},
  year={2010},
  publisher={Royal Society of Chemistry}
}

@article{wang2016comprehensive,
  title={Comprehensive evaluation of ten docking programs on a diverse set of protein-ligand complexes: the binding pose prediction},
  author={Wang, Zhihai and Sun, Huiyong and Yao, Xiaojun and Li, Dan and Xu, Lei and Li, Youyong and Tian, Sheng and Hou, Tingjun},
  journal={Physical Chemistry Chemical Physics},
  volume={18},
  number={18},
  pages={12964--12975},
  year={2016},
  publisher={Royal Society of Chemistry}
}

@article{gilson1997calculation,
  title={Calculation of protein-ligand binding affinities},
  author={Gilson, Michael K and Given, James A and Bush, Bobby L and McCammon, J Andrew},
  journal={Annual Review of Biophysics and Biomolecular Structure},
  volume={26},
  number={1},
  pages={129--153},
  year={1997},
  publisher={Annual Reviews}
}

@article{schr√∂dinger2015protein,
  title={Protein-ligand docking: current state-of-the-art},
  author={Schr{\"o}dinger, LLC},
  journal={Journal of Computer-Aided Molecular Design},
  volume={29},
  number={3},
  pages={221--234},
  year={2015},
  publisher={Springer}
}

@article{gomes2017atomic,
  title={Atomic convolutional networks for predicting protein-ligand binding affinity},
  author={Gomes, Joseph and Ramsundar, Bharath and Feinberg, Evan N and Pande, Vijay S},
  journal={arXiv preprint arXiv:1703.10603},
  year={2017}
}

@article{kearnes2016molecular,
  title={Molecular graph convolutions: moving beyond fingerprints},
  author={Kearnes, Steven and McCloskey, Kevin and Berndl, Marc and Pande, Vijay and Riley, Patrick},
  journal={Journal of Computer-Aided Molecular Design},
  volume={30},
  number={8},
  pages={595--608},
  year={2016},
  publisher={Springer}
}

@article{lim2019predicting,
  title={Predicting drug-target interaction using a novel graph neural network with 3D structure-embedded graph representation},
  author={Lim, Jaechang and Ryu, Seongok and Park, Kyubyong and Choe, Yo Joong and Ham, Jiyeon and Kim, Woo Youn},
  journal={Journal of Chemical Information and Modeling},
  volume={59},
  number={9},
  pages={3981--3988},
  year={2019},
  publisher={ACS Publications}
}

@article{jumper2021highly,
  title={Highly accurate protein structure prediction with AlphaFold},
  author={Jumper, John and Evans, Richard and Pritzel, Alexander and Green, Tim and Figurnov, Michael and Ronneberger, Olaf and Tunyasuvunakool, Kathryn and Bates, Russ and {\v{Z}}{\'\i}dek, Augustin and Potapenko, Anna and others},
  journal={Nature},
  volume={596},
  number={7873},
  pages={583--589},
  year={2021},
  publisher={Nature Publishing Group}
}

@article{trott2010autodock,
  title={AutoDock Vina: improving the speed and accuracy of docking with a new scoring function, efficient optimization, and multithreading},
  author={Trott, Oleg and Olson, Arthur J},
  journal={Journal of Computational Chemistry},
  volume={31},
  number={2},
  pages={455--461},
  year={2010},
  publisher={Wiley Online Library}
}

@article{duvenaud2015convolutional,
  title={Convolutional networks on graphs for learning molecular fingerprints},
  author={Duvenaud, David K and Maclaurin, Dougal and Iparraguirre, Jorge and Bombarell, Rafael and Hirzel, Timothy and Aspuru-Guzik, Al{\'a}n and Adams, Ryan P},
  journal={Advances in Neural Information Processing Systems},
  volume={28},
  year={2015}
}

@article{gal2016dropout,
  title={Dropout as a bayesian approximation: Representing model uncertainty in deep learning},
  author={Gal, Yarin and Ghahramani, Zoubin},
  journal={International Conference on Machine Learning},
  pages={1050--1059},
  year={2016},
  organization={PMLR}
}

@article{blundell2015weight,
  title={Weight uncertainty in neural network},
  author={Blundell, Charles and Cornebise, Julien and Kavukcuoglu, Koray and Wierstra, Daan},
  journal={International Conference on Machine Learning},
  pages={1613--1622},
  year={2015},
  organization={PMLR}
}

@article{vaswani2017attention,
  title={Attention is all you need},
  author={Vaswani, Ashish and Shazeer, Noam and Parmar, Niki and Uszkoreit, Jakob and Jones, Llion and Gomez, Aidan N and Kaiser, {\L}ukasz and Polosukhin, Illia},
  journal={Advances in Neural Information Processing Systems},
  volume={30},
  year={2017}
}

@article{liu2018pdbbind,
  title={PDBbind database in 2015: toward providing a high-quality resource for protein-ligand interactions},
  author={Liu, Zhihai and Su, Minyi and Han, Li and Liu, Jie and Yang, Qifan and Li, Yan and Wang, Renxiao},
  journal={Nucleic Acids Research},
  volume={43},
  number={D1},
  pages={D193--D201},
  year={2015},
  publisher={Oxford University Press}
}

@article{kingma2013auto,
  title={Auto-encoding variational bayes},
  author={Kingma, Diederik P and Welling, Max},
  journal={arXiv preprint arXiv:1312.6114},
  year={2013}
}

@article{rezende2014stochastic,
  title={Stochastic backpropagation and approximate inference in deep generative models},
  author={Rezende, Danilo Jimenez and Mohamed, Shakir and Wierstra, Daan},
  journal={International Conference on Machine Learning},
  pages={1278--1286},
  year={2014},
  organization={PMLR}
} 